@article{Bitzer2007160,
title = "Intrinsic motivation in open source software development",
journal = "Journal of Comparative Economics",
volume = "35",
number = "1",
pages = "160 - 169",
year = "2007",       
issn = "0147-5967",                      
author = {J\"{u}rgen Bitzer and Wolfram Schrettl and Philipp J.H. Schr\"{o}der},
}

@inproceedings{1089794,
 author = {Bergin, Susan and Reilly, Ronan and Traynor, Desmond},
 title = {Examining the role of self-regulated learning on introductory programming performance},
 booktitle = {ICER '05: Proceedings of the first international workshop on Computing education research},
 year = {2005},
 isbn = {1-59593-043-4},
 pages = {81--86},
 location = {Seattle, WA, USA},
 doi = {http://doi.acm.org/10.1145/1089786.1089794},
 publisher = {ACM},
 address = {New York, NY, USA},
 }
       
			@article{1536635,
			 author = {Morelli, Ralph and Tucker, Allen and Danner, Norman and De Lanerolle, Trishan R. and Ellis, Heidi J. C. and Izmirli, Ozgur and Krizanc, Danny and Parker, Gary},
			 title = {Revitalizing computing education through free and open source software for humanity},
			 journal = {Commun. ACM},
			 volume = {52},
			 number = {8},
			 year = {2009},
			 issn = {0001-0782},
			 pages = {67--75},
			 doi = {http://doi.acm.org/10.1145/1536616.1536635},
			 publisher = {ACM},
			 address = {New York, NY, USA},
			 }

             

@inproceedings{1562959,
 author = {Hislop, Gregory W. and Ellis, Heidi J.C. and Morelli, Ralph A.},
 title = {Evaluating student experiences in developing software for humanity},
 booktitle = {ITiCSE '09: Proceedings of the 14th annual ACM SIGCSE conference on Innovation and technology in computer science education},
 year = {2009},
 isbn = {978-1-60558-381-5},
 pages = {263--267},
 location = {Paris, France},
 doi = {http://doi.acm.org/10.1145/1562877.1562959},
 publisher = {ACM},
 address = {New York, NY, USA},
 }

@inproceedings{1404522,
 author = {Begel, Andrew and Simon, Beth},
 title = {Novice software developers, all over again},
 booktitle = {ICER '08: Proceeding of the Fourth international Workshop on Computing Education Research},
 year = {2008},
 isbn = {978-1-60558-216-0},
 pages = {3--14},
 location = {Sydney, Australia},
 doi = {http://doi.acm.org/10.1145/1404520.1404522},
 publisher = {ACM},
 address = {New York, NY, USA},
 }



